<record><leader>00000cas a22000007a 4500</leader><controlfield tag="001">13519257</controlfield><controlfield tag="008">860502d1844184upauwr ne      0    0eng d</controlfield><controlfield tag="009">5601</controlfield><datafield ind1=" " ind2=" " tag="010"><subfield code="a">sn 86081831 </subfield></datafield><datafield ind1=" " ind2=" " tag="040"><subfield code="a">NPH</subfield><subfield code="b">eng</subfield><subfield code="c">NPH</subfield><subfield code="d">NPX</subfield><subfield code="d">DLC</subfield><subfield code="d">NPV</subfield><subfield code="d">NPH</subfield></datafield><datafield ind1="1" ind2=" " tag="029"><subfield code="a">AU@</subfield><subfield code="b">000025817912</subfield></datafield><datafield ind1=" " ind2=" " tag="042"><subfield code="a">msc</subfield></datafield><datafield ind1="0" ind2="0" tag="050"><subfield code="a">Newspaper 9608</subfield></datafield><datafield ind1="0" ind2="0" tag="245"><subfield code="a">Anthracite gazette and Schuylkill County general advocate.</subfield></datafield><datafield ind1="0" ind2="7" tag="246"><subfield code="a">Anthracite gazette</subfield></datafield><datafield ind1="0" ind2="3" tag="246"><subfield code="a">Anthracite gazette and Schuylkill County advocate</subfield></datafield><datafield ind1=" " ind2=" " tag="260"><subfield code="a">Pottsville, Pa. :</subfield><subfield code="b">Wynkoop &amp; Kaercher,</subfield><subfield code="c">1844-</subfield></datafield><datafield ind1=" " ind2=" " tag="300"><subfield code="a">v. :</subfield><subfield code="b">ill. (chiefly advertisements) ;</subfield><subfield code="c">58-61 cm.</subfield></datafield><datafield ind1=" " ind2=" " tag="310"><subfield code="a">Weekly</subfield></datafield><datafield ind1="0" ind2=" " tag="362"><subfield code="a">Vol. 1, no. 1 (May 4, 1844)-</subfield></datafield><datafield ind1=" " ind2=" " tag="500"><subfield code="a">Native American. Cf. Hist. of Schuylkill Co., Pa., 1881.</subfield></datafield><datafield ind1=" " ind2=" " tag="500"><subfield code="a">Publisher: Alphonso M. MacDonald, &lt;July 25, 1846&gt;.</subfield></datafield><datafield ind1=" " ind2=" " tag="752"><subfield code="a">United States</subfield><subfield code="b">Pennsylvania</subfield><subfield code="c">Schuylkill</subfield><subfield code="d">Pottsville.</subfield></datafield><datafield ind1="0" ind2="0" tag="785"><subfield code="t">Anthracite gazette and Schuylkill County advocate</subfield><subfield code="w">(DLC)sn 86053867</subfield></datafield></record>